<record><leader>00000cas a22000007a 4500</leader><controlfield tag="001">11750223</controlfield><controlfield tag="008">850301d18871891wiuwr ne      0    0eng d</controlfield><datafield ind1=" " ind2=" " tag="010"><subfield code="a">sn 85040199 </subfield></datafield><datafield ind1=" " ind2=" " tag="040"><subfield code="a">NPV</subfield><subfield code="b">eng</subfield><subfield code="c">NPV</subfield><subfield code="d">OCLCQ</subfield></datafield><datafield ind1=" " ind2=" " tag="042"><subfield code="a">msc</subfield></datafield><datafield ind1=" " ind2=" " tag="043"><subfield code="a">n-us-wi</subfield></datafield><datafield ind1=" " ind2=" " tag="045"><subfield code="a">w8w9</subfield></datafield><datafield ind1=" " ind2=" " tag="052"><subfield code="a">4123</subfield><subfield code="b">D7</subfield></datafield><datafield ind1="0" ind2="4" tag="082"><subfield code="a">070</subfield></datafield><datafield ind1="0" ind2=" " tag="130"><subfield code="a">Superior inter-ocean (Superior, Wis. : 1887)</subfield></datafield><datafield ind1="1" ind2="0" tag="245"><subfield code="a">Superior inter-ocean.</subfield></datafield><datafield ind1="1" ind2="7" tag="246"><subfield code="a">Inter-ocean</subfield></datafield><datafield ind1=" " ind2=" " tag="260"><subfield code="a">West Superior [i.e. Superior], Wis. :</subfield><subfield code="b">[s.n.]</subfield></datafield><datafield ind1=" " ind2=" " tag="300"><subfield code="a">v.</subfield></datafield><datafield ind1=" " ind2=" " tag="310"><subfield code="a">Weekly</subfield></datafield><datafield ind1="1" ind2=" " tag="362"><subfield code="a">Began in 1887?</subfield></datafield><datafield ind1="1" ind2=" " tag="362"><subfield code="a">Ceased with Nov. 1, 1891 issue.</subfield><subfield code="z">Cf. Oehlerts, d. Guide to Wis. newspapers.</subfield></datafield><datafield ind1=" " ind2=" " tag="500"><subfield code="a">Publishers: W.F. Street, Nov. 5, 1887-Nov. 26, 1887; Street &amp; Co., Dec. 3, 1887-&lt;Nov. 3, 1888&gt;.</subfield></datafield><datafield ind1=" " ind2=" " tag="500"><subfield code="a">Editors: W.F. Street, &lt;Sept. 17, 1887&gt;-&lt;March 3, 1888&gt;.</subfield></datafield><datafield ind1=" " ind2=" " tag="530"><subfield code="a">Available on microfilm from The State Historical Society of Wisconsin.</subfield></datafield><datafield ind1=" " ind2=" " tag="580"><subfield code="a">Issued also in a daily edition called: Superior daily inter-ocean, March 1-Sept. 29, 1888.</subfield></datafield><datafield ind1=" " ind2=" " tag="588"><subfield code="a">Description based on: Vol. 6, no. 28 (Sept. 17, 1887).</subfield></datafield><datafield ind1=" " ind2=" " tag="752"><subfield code="a">United States</subfield><subfield code="b">Wisconsin</subfield><subfield code="c">Douglas</subfield><subfield code="d">Superior.</subfield></datafield><datafield ind1="1" ind2=" " tag="775"><subfield code="t">Superior daily inter-ocean</subfield><subfield code="w">(DLC)sn 85040200</subfield></datafield><datafield ind1="0" ind2="0" tag="780"><subfield code="t">Wisconsin inter-ocean</subfield><subfield code="w">(DLC)sn 85040198</subfield></datafield><datafield ind1="0" ind2="0" tag="785"><subfield code="t">Inland ocean</subfield><subfield code="w">(DLC)sn 85040195</subfield></datafield><datafield ind1="1" ind2=" " tag="029"><subfield code="a">AU@</subfield><subfield code="b">000025797827</subfield></datafield></record>